@article{Warren1963,
author = {Warren, J E and Root, P J},
journal = {SPE-426-PA},
month = {sep},
publisher = {Society of Petroleum Engineers},
title = {{The Behavior of Naturally Fractured Reservoirs}},
year = {1963}
}

@article{Bouchaud1990,
author = {Bouchaud, E and Lapasset, G and Plan{\`{e}}s, J},
journal = {Europhys. Lett.},
number = {1},
pages = {73},
title = {{Fractal Dimension of Fractured Surfaces: A Universal Value?}},
volume = {13},
year = {1990}
}

@article{Berkowitz2002,
author = {Berkowitz, B},
journal = {Adv. Water Resour.},
number = {8},
pages = {861--884},
title = {{Characterizing flow and transport in fractured geological media: A review}},
volume = {25},
year = {2002}
}

@article{Lo2014,
author = {Lo, T S and Koplik, J},
journal = {Phys. Rev. E},
number = {2},
pages = {23010},
publisher = {American Physical Society},
title = {{Channeling and stress during fluid and suspension flow in self-affine fractures}},
volume = {89},
year = {2014}
}

@article{Hubbert1957,
address = {420 COMMONWEALTH DR, WARRENDALE, PA 15086},
author = {Hubbert, M K and Willis, D G},
journal = {Trans. Am. Inst. Min. Metall. Eng.},
number = {6},
pages = {153--163},
publisher = {MINERALS METALS MATERIALS SOC},
title = {{MECHANICS OF HYDRAULIC FRACTURING}},
type = {Article},
volume = {210},
year = {1957}
}

@article{Drazer2000,
author = {Drazer, G and Koplik, J},
journal = {Phys. Rev. E},
number = {6},
pages = {8076--8085},
publisher = {American Physical Society},
title = {{Permeability of self-affine rough fractures}},
volume = {62},
year = {2000}
}

@article{Huang2017,
author = {Huang, N and Jiang, Y and Liu, R and Li, B and Zhang, Z},
journal = {Fractals},
number = {05},
pages = {1750051},
publisher = {World Scientific Publishing Co.},
title = {{A Predictive Model Of Permeability For Fractal-Based Rough Rock Fractures During Shear}},
volume = {25},
year = {2017}
}

@article{Babadagli2015,
author = {Babadagli, T and Ren, X and Develi, K},
journal = {Int. J. Multiphase Flow},
pages = {40--58},
title = {{Effects of fractal surface roughness and lithology on single and multiphase flow in a single fracture: An experimental investigation}},
volume = {68},
year = {2015}
}

@article{Oron1998,
author = {Oron, A P and Berkowitz, B},
journal = {Water Resour. Res.},
number = {11},
pages = {2811--2825},
publisher = {Amer Geophysical Union},
title = {{Flow in rock fractures: The local cubic law assumption reexamined}},
volume = {34},
year = {1998}
}

@article{WODIE1991,
author = {Wodie, J C and Levy, T},
journal = {Comptes Rendus L Acad. Des Sci. Ser. Ii},
number = {3},
pages = {157--161},
title = {{Nonlinear Rectification of Darcy Law}},
volume = {312},
year = {1991}
}

@article{Skjetne1999,
author = {Skjetne, E and Hansen, A and Gudmundsson, J S},
edition = {1999/03/25},
journal = {J. Fluid Mech.},
pages = {1--28},
publisher = {Cambridge University Press},
title = {{High-velocity flow in a rough fracture}},
volume = {383},
year = {1999}
}

@article{Odling1994,
author = {Odling, N E},
journal = {Rock Mech. Rock Eng.},
number = {3},
pages = {135--153},
title = {{Natural fracture profiles, fractal dimension and joint roughness coefficients}},
volume = {27},
year = {1994}
}

@article{Ponson2006,
author = {Ponson, L and Bonamy, D and Bouchaud, E},
journal = {Phys. Rev. Lett.},
number = {3},
pages = {35506},
publisher = {American Physical Society},
title = {{Two-Dimensional Scaling Properties of Experimental Fracture Surfaces}},
volume = {96},
year = {2006}
}

@article{Cox1993,
author = {Cox, B L and Wang, J S Y},
doi = {10.1142/S0218348X93000125},
journal = {Fractals-Complex Geom. Patterns Scaling Nat. Soc.},
number = {1},
pages = {87--115},
publisher = {World Scientific Publ Co Pte Ltd},
title = {{Fractal Surfaces: Measurement and Applications in the Earth Sciences}},
volume = {1},
year = {1993}
}

@article{Morais2011,
author = {Morais, P A and Oliveira, E A and Ara{\'{u}}jo, N A M and Herrmann, H J and Andrade, J S},
journal = {Phys. Rev. E},
number = {1},
pages = {16102},
publisher = {American Physical Society},
title = {{Fractality of eroded coastlines of correlated landscapes}},
volume = {84},
year = {2011}
}


@book{Peitgen2011,
	address = {New York, NY},
	author = {Barnsley, Michael F. and Devaney, Robert L. and Mandelbrot, Benoit B. and Peitgen, Heinz-Otto and Saupe, Dietmar and Voss, Richard F.},
	booktitle = {Leonardo},
	doi = {10.1007/978-1-4612-3784-6},
	editor = {Peitgen, Heinz-Otto and Saupe, Dietmar},
	isbn = {978-1-4612-8349-2},
	issn = {0024094X},
	number = {3/4},
	pages = {455},
	publisher = {Springer New York},
	title = {{The Science of Fractal Images}},
	volume = {22},
	year = {1988}
}



@book{Sahimi2000,
	address = {Abingdon, UK},
	author = {Sahini, M},
	booktitle = {Appl. Percolation Theory},
	doi = {10.1201/9781482272444},
	isbn = {9781482272444},
	mendeley-groups = {SelfAffineFracture},
	month = {apr},
	publisher = {CRC Press},
	title = {{Applications Of Percolation Theory}},
	year = {1994}
}

@article{Hill2001,
author = {Hill, R J and Koch, D L and Ladd, A J C},
edition = {2001/11/26},
journal = {J. Fluid Mech.},
pages = {213--241},
publisher = {Cambridge University Press},
title = {{The first effects of fluid inertia on flows in ordered and random arrays of spheres}},
volume = {448},
year = {2001}
}

@article{Andrade1999,
author = {Andrade, J S and Costa, U M S and Almeida, M P and Makse, H A and Stanley, H E},
journal = {Phys. Rev. Lett.},
number = {26},
pages = {5249--5252},
publisher = {American Physical Society},
title = {{Inertial Effects on Fluid Flow through Disordered Porous Media}},
volume = {82},
year = {1999}
}

@article{Briggs2017,
author = {Briggs, S and Karney, B W and Sleep, B E},
journal = {J. Rock Mech. Geotech. Eng.},
number = {1},
pages = {105--115},
title = {{Numerical modeling of the effects of roughness on flow and eddy formation in fractures}},
volume = {9},
year = {2017}
}

@article{Sahimi1994,
author = {Sahimi, M},
journal = {J. Phys. I France},
number = {9},
pages = {1263--1268},
title = {{Long-range correlated percolation and flow and transport in heterogeneous porous media}},
volume = {4},
year = {1994}
}

@article{Edwards1990,
author = {Edwards, D A and Shapiro, M and Bar‚ÄêYoseph, P and Shapira, M},
journal = {Physics of Fluids A: Fluid Dynamics},
number = {1},
pages = {45--55},
publisher = {American Institute of Physics},
title = {{The influence of Reynolds number upon the apparent permeability of spatially periodic arrays of cylinders}},
volume = {2},
year = {1990}
}

@article{Whitaker1996,
author = {Whitaker, S},
issn = {1573-1634},
journal = {Transp. Porous Media},
number = {1},
pages = {27--61},
title = {{The Forchheimer equation: A theoretical development}},
url = {https://doi.org/10.1007/BF00141261},
volume = {25},
year = {1996}
}


@book{Dullien1992,
	address = {San Diego},
	author = {Dullien, F. A. L},
	isbn = {978-0123960740},
	publisher = {Academic Press},
	title = {{Porous media: fluid transport and pore structure}},
	year = {1992}
}


@article{Chen2017a,
author = {Chen, Y and Liang, W and Lian, H and Yang, J and Nguyen, V P},
journal = {Int. J. Rock Mech. Min. Sci.},
pages = {121--140},
title = {{Experimental study on the effect of fracture geometric characteristics on the permeability in deformable rough-walled fractures}},
volume = {98},
year = {2017}
}

@article{Maaloey1992,
author = {M{\aa}l{\o}y, K J and Hansen, A and Hinrichsen, E L and Roux, S},
journal = {Phys. Rev. Lett.},
number = {2},
pages = {213--215},
publisher = {American Physical Society},
title = {{Experimental measurements of the roughness of brittle cracks}},
volume = {68},
year = {1992}
}

@article{Amitrano2002,
author = {Amitrano, D and Schmittbuhl, J},
journal = {J. Geophys. Res. Solid Earth},
number = {B12},
pages = {2375},
title = {{Fracture roughness and gouge distribution of a granite shear band}},
volume = {107},
year = {2002}
}

@article{Sahimi1993,
author = {Sahimi, M},
journal = {Rev. Mod. Phys.},
number = {4},
pages = {1393--1534},
publisher = {American Physical Society},
title = {{Flow phenomena in rocks: from continuum models to fractals, percolation, cellular automata, and simulated annealing}},
volume = {65},
year = {1993}
}

@article{Mei1991,
author = {Mei, C C and Auriault, J -L.},
doi = {10.1017/s0022112091001258},
edition = {2006/04/26},
issn = {0022-1120},
journal = {J. Fluid Mech.},
pages = {647--663},
publisher = {Cambridge University Press},
title = {{The effect of weak inertia on flow through a porous medium}},
url = {https://www.cambridge.org/core/article/effect-of-weak-inertia-on-flow-through-a-porous-medium/02BBE471CF9EC32C08CB62229205D1F4},
volume = {222},
year = {1991}
}

@article{Bouchaud1997,
author = {Bouchaud, E},
journal = {J. Phys.: Condens. Matter},
number = {21},
pages = {4319},
title = {{Scaling properties of cracks}},
volume = {9},
year = {1997}
}

@article{Wang2016,
author = {Wang, M and Chen, Y.-F. and Ma, G.-W. and Zhou, J.-Q. and Zhou, C.-B.},
journal = {Adv. Water Resour.},
number = {Supplement C},
pages = {373--388},
title = {{Influence of surface roughness on nonlinear flow behaviors in 3D self-affine rough fractures: Lattice Boltzmann simulations}},
volume = {96},
year = {2016}
}

@article{Roux1993,
author = {Roux, S and Schmittbuhl, J and Vilotte, J -P. and Hansen, A},
journal = {Europhys. Lett.},
number = {4},
pages = {277},
title = {{Some Physical Properties of Self-Affine Rough Surfaces}},
volume = {23},
year = {1993}
}

@book{Bunde1996,
	address = {Berlin, Heidelberg},
	doi = {10.1007/978-3-642-84868-1},
	editor = {Bunde, Armin and Havlin, Shlomo},
	isbn = {978-3-642-84870-4},
	publisher = {Springer Berlin Heidelberg},
	title = {{Fractals and Disordered Systems}},
	url = {http://link.springer.com/10.1007/978-3-642-84868-1},
	year = {1996}
}

@article{Hansen2001,
author = {Hansen, A and Schmittbuhl, J and Batrouni, G G},
journal = {Phys. Rev. E},
number = {6},
pages = {62102},
publisher = {American Physical Society},
title = {{Distinguishing fractional and white noise in one and two dimensions}},
volume = {63},
year = {2001}
}

@article{Ishibashi2015,
author = {Ishibashi, T and Watanabe, N and Hirano, N and Okamoto, A and Tsuchiya, N},
journal = {J. Geophys. Res. Solid Earth},
number = {1},
pages = {106--124},
title = {{Beyond-laboratory-scale prediction for channeling flows through subsurface rock fractures with heterogeneous aperture distributions revealed by laboratory evaluation}},
volume = {120},
year = {2015}
}



@article{Forchheimer1901,
	author = {Forchheimer, P.},
	journal = {Z. Ver. Dtsch. Tsch. Ing.},
	pages = {1782},
	title = {{Wasserbewegung durch Boden}},
	volume = {45},
	year = {1901}
}



@book{Earnshaw1991,
editor = {Earnshaw, R A},
publisher = {Springer Berlin Heidelberg},
title = {{Fundamental Algorithms for Computer Graphics}},
year = {1991}
}

@article{Drazer2002,
author = {Drazer, G and Koplik, J},
journal = {Phys. Rev. E},
number = {2},
pages = {26303},
publisher = {American Physical Society},
title = {{Transport in rough self-affine fractures}},
volume = {66},
year = {2002}
}

@article{Williams2017,
author = {Williams, L and Macnaghten, P and Davies, R and Curtis, S},
journal = {Public Underst. Sci.},
number = {1},
pages = {89--104},
title = {{Framing ``fracking'': Exploring public perceptions of hydraulic fracturing in the United Kingdom}},
volume = {26},
year = {2017}
}

@article{Mandelbrot1968,
author = {Mandelbrot, B B and van Ness, J W},
journal = {SIAM Rev.},
number = {4},
pages = {422----+},
publisher = {Siam Publications},
title = {{Fractional Brownian Motions Fractional Noises and Applications}},
volume = {10},
year = {1968}
}

@article{OF_Weller1998,
author = {Weller, H G and Tabor, G and Jasak, H and Fureby, C},
journal = {Comput. Phys.},
number = {6},
pages = {620--631},
publisher = {American Institute of Physics},
title = {{A tensorial approach to computational continuum mechanics using object-oriented techniques}},
volume = {12},
year = {1998}
}



@book{Sahimi2011,
	address = {Weinheim, Germany},
	author = {Sahimi, Muhammad},
	booktitle = {Flow Transp. Porous Media Fract. Rock From Class. Methods to Mod. Approaches Second Ed.},
	doi = {10.1002/9783527636693},
	file = {:home/humberto/Insync/GoogleDrive/Documents/Mendeley/2011/Flow and Transport in Porous Media and Fractured Rock From Classical Methods to Modern Approaches Second Edition/Sahimi - 2011 - Flow and Transport in Porous Media and Fractured Rock From Classical Methods to Modern Approaches Second Edition.pdf:pdf},
	isbn = {9783527636693},
	month = {apr},
	publisher = {Wiley-VCH Verlag GmbH {\&} Co. KGaA},
	title = {{Flow and Transport in Porous Media and Fractured Rock}},
	url = {http://doi.wiley.com/10.1002/9783527636693},
	year = {2011}
}


@article{Oliveira2011,
author = {Oliveira, E A and Schrenk, K J and Ara{\'{u}}jo, N A M and Herrmann, H J and Andrade, J S},
journal = {Phys. Rev. E},
mendeley-groups = {Opc,SelfAffineFracture},number = {4},
pages = {046113----},
publisher = {American Physical Society},
title = {{Optimal-path cracks in correlated and uncorrelated lattices}},
url = {http://link.aps.org/doi/10.1103/PhysRevE.83.046113},
volume = {83},
year = {2011}
}

@article{Osborn2011,
author = {Osborn, S G and Vengosh, A and Warner, N R and Jackson, R B},
journal = {Proc. Natl. Acad. Sci. U.S.A.},
number = {20},
pages = {8172--8176},
title = {{Methane contamination of drinking water accompanying gas-well drilling and hydraulic fracturing}},
volume = {108},
year = {2011}
}

@article{Schmittbuhl1993,
author = {Schmittbuhl, J and Gentier, S and Roux, S},
journal = {Geophys. Res. Lett.},
number = {8},
pages = {639--641},
title = {{Field measurements of the roughness of fault surfaces}},
volume = {20},
year = {1993}
}


@article{Schmittbuhl1995,
	author = {Schmittbuhl, J. and Schmitt, F. and Scholz, C.},
	doi = {10.1029/94JB02885},
	issn = {01480227},
	journal = {J. Geophys. Res.},
	number = {B4},
	pages = {5953--5973},
	title = {{Scaling invariance of crack surfaces}},
	volume = {100},
	year = {1995}
}


@article{Liu2016a,
author = {Liu, R and Li, B and Jiang, Y and Huang, N},
journal = {Hydrol. J.},
number = {7},
pages = {1623--1649},
title = {{Review: Mathematical expressions for estimating equivalent permeability of rock fracture networks}},
volume = {24},
year = {2016}
}

@article{Rubinstein2015,
author = {Rubinstein, Justin L. and Mahani, Alireza Babaie},
doi = {10.1785/0220150067},
issn = {19382057},
journal = {Seismol. Res. Lett.},
number = {4},
pages = {1060--1067},
title = {{Myths and facts on wastewater injection, hydraulic fracturing, enhanced oil recovery, and induced seismicity}},
volume = {86},
year = {2015}
}

@article{Talon2010,
author = {Talon, L and Auradou, H and Hansen, A},
journal = {Phys. Rev. E},
number = {4},
pages = {46108},
publisher = {American Physical Society},
title = {{Permeability of self-affine aperture fields}},
volume = {82},
year = {2010}
}

@article{Talon2010a,
author = {Talon, L and Auradou, H and Hansen, A},
journal = {Water Resour. Res.},
number = {7},
pages = {W07601},
title = {{Permeability estimates of self‚Äêaffine fracture faults based on generalization of the bottleneck concept}},
volume = {46},
year = {2010}
}
